@IEEEtranBSTCTL{IEEEexample:BSTcontrol,
CTLuse_forced_etal       = "yes",
CTLmax_names_forced_etal = "1",
CTLnames_show_etal       = "1"
}

@inproceedings{buddhika2016neptune,
    author = {Buddhika, Thilina and Pallickara, Shrideep},
    title = {Neptune: Real Time Stream Processing for Internet of Things and Sensing Environments},
    booktitle = {Proc. of the 30th IEEE International Parallel and
        Distributed Processing Symposium (To appear)},
    year = {2016},
    numpages = {10},
}

@webpage{geohash,
  Title={Geohash},
  Author={Niemeyer, Gustavo},
  Lastchecked = {2016-02-08},
  Url = {http://en.wikipedia.org/wiki/Geohash},
  Year = {2008}
}

@webpage{noaa_nam,
    author = {{National Oceanic and Atmospheric Administration}},
    lastchecked = {2016-02-20},
    title = {{The North American Mesoscale Forecast System}},
    url = {http://www.emc.ncep.noaa.gov/index.php?branch=NAM},
    year = {2016}
}

@article{welford1962note,
  title={Note on a method for calculating corrected sums of squares and products},
  author={Welford, BP},
  journal={Technometrics},
  volume={4(3)},
  pages={419--420},
  year={1962},
  publisher={Taylor \& Francis Group}
}

@article{kristan2011multivariate,
    title = "Multivariate online kernel density estimation with Gaussian kernels
        ",
    journal = "Pattern Recognition ",
    volume = "44",
    number = "10â€“11",
    pages = "2630 - 2642",
    year = "2011",
    note = "Semi-Supervised Learning for Visual Content Analysis and
        Understanding ",
    issn = "0031-3203",
    author = "Matej Kristan and Ales Leonardis and Danijel Skocaj",
    keywords = "Online models",
    keywords = "Probability density estimation",
    keywords = "Kernel density estimation",
    keywords = "Gaussian mixture models "
}

@book{silverman1986density,
    title={Density estimation for statistics and data analysis},
    author={Silverman, Bernard W},
    volume={26},
    year={1986},
    publisher={CRC press}
}

@article{lorido2012auto,
  title={Auto-scaling techniques for elastic applications in cloud environments},
  author={Lorido-Botr{\'a}n, Tania and Miguel-Alonso, Jos{\'e} and Lozano, Jose Antonio},
  journal={Department of Computer Architecture and Technology, University of Basque Country, Tech. Rep. EHU-KAT-IK-09},
  volume={12},
  pages={2012},
  year={2012}
}

@inproceedings{maurer2011revealing,
  title={Revealing the {MAPE} loop for the autonomic management of Cloud infrastructures},
  author={Maurer, Michael and Breskovic, Ivan and Emeakaroha, Vincent C and Brandic, Ivona},
  booktitle={Computers and Communications (ISCC), 2011 IEEE Symposium on},
  pages={147--152}
}

@inproceedings{heinze2014auto,
  title={Auto-scaling techniques for elastic data stream processing},
  author={Heinze, Thomas and Pappalardo, Valerio and Jerzak, Zbigniew and Fetzer, Christof},
  booktitle={Data Engineering Workshops (ICDEW), 2014 IEEE 30th International Conference on},
  pages={296--302},
  year={2014},
  organization={IEEE}
}

@article{gulisano2012streamcloud,
  title={Streamcloud: An elastic and scalable data streaming system},
  author={Gulisano, Vincenzo and Jimenez-Peris, Ricardo and Patino-Martinez, Marta and Soriente, Claudio and Valduriez, Patrick},
  journal={Parallel and Distributed Systems, IEEE Transactions on},
  volume={23},
  number={12},
  pages={2351--2365},
  year={2012},
  publisher={IEEE}
}

@inproceedings{castro2013integrating,
  title={Integrating scale out and fault tolerance in stream processing using operator state management},
  author={Castro Fernandez, Raul and Migliavacca, Matteo and Kalyvianaki, Evangelia and Pietzuch, Peter},
  booktitle={Proc. of the 2013 ACM SIGMOD international conference on Management of data},
  pages={725--736},
  year={2013},
  organization={ACM}
}
@inproceedings{loesing2012stormy,
  title={Stormy: an elastic and highly available streaming service in the cloud},
  author={Loesing, Simon and Hentschel, Martin and Kraska, Tim and Kossmann, Donald},
  booktitle={Proc. of the 2012 Joint EDBT/ICDT Workshops},
  pages={55--60},
  year={2012},
  organization={ACM}
}

@inproceedings{heinze2013elastic,
  title={Elastic Complex Event Processing under Varying Query Load.},
  author={Heinze, Thomas and Ji, Yuanzhen and Pan, Yinying and Grueneberger, Franz Josef and Jerzak, Zbigniew and Fetzer, Christof},
  booktitle={BD3@ VLDB},
  pages={25--30},
  year={2013},
  organization={Citeseer}
}

@inproceedings{schneider2009elastic,
  title={Elastic scaling of data parallel operators in stream processing},
  author={Schneider, Scott and Andrade, Henrique and Gedik, Bu{\u{g}}gra and Biem, Alain and Wu, Kun-Lung},
  booktitle={Parallel \& Distributed Processing, 2009. IPDPS 2009. IEEE International Symposium on},
  pages={1--12}
}

@article{malensek2016analytic,
    author={Matthew Malensek and Sangmi Lee Pallickara and Shrideep Pallickara}, 
    journal={IEEE Transactions on Knowledge and Data Engineering}, 
    title={Analytic Queries over Geospatial Time-Series Data Using Distributed
        Hash Tables}, 
    year={2016}, 
    volume={28}, 
    number={6}, 
    pages={1408-1422}, 
    doi={10.1109/TKDE.2016.2520475}, 
    ISSN={1041-4347}, 
    month={Jun},
}

@article{malensek2015fast,
    author={Matthew Malensek and Sangmi Lee Pallickara and Shrideep Pallickara},
    journal={{IEEE} Transactions on Cloud Computing},
    title={Fast, Ad Hoc Query Evaluations over Multidimensional Geospatial Datasets},
    publisher = {Institute of Electrical and Electronics Engineers ({IEEE})},
    year={2017},
    volume={5},
    number={1},
    pages={28--42},
    doi={10.1109/TCC.2015.2398437},
    ISSN={2168-7161},
    month={Jan},
}

@inproceedings{gray1996data,
    author = {Gray, Jim and Bosworth, Adam and Layman, Andrew and Pirahesh,
        Hamid},
    title = {Data Cube: A Relational Aggregation Operator Generalizing
        Group-By, Cross-Tab, and Sub-Total},
    booktitle = {Proc. of the 12th International Conference on Data
        Engineering},
    series = {ICDE '96},
    year = {1996},
    isbn = {0-8186-7240-4},
    pages = {152--159},
    numpages = {8},
    publisher = {IEEE Computer Society},
    address = {Washington, DC, USA},
    keywords = {Database, Relational, Cube, Query, Analysis,
        multi-dimensional},
} 

@inproceedings{gupta2009chaos,
    author={C. Gupta and S. Wang and I. Ari and M. Hao and U. Dayal and A. Mehta
        and M. Marwah and R. Sharma}, 
    booktitle={2009 IEEE Conference on Commerce and Enterprise Computing}, 
    title={CHAOS: A Data Stream Analysis Architecture for Enterprise
        Applications}, 
    year={2009}, 
    pages={33-40}, 
    keywords={business data processing;data analysis;CHAOS;Cube;complex event
        processing;computational stream analysis;continuous heterogeneous
            analysis-over-streams;data center temperature analysis;data stream
            analysis architecture;enterprise
            applications;Business;Chaos;Computer architecture;Data analysis;Data
            visualization;Ecosystems;Engines;Information analysis;Information
            management;Performance analysis;Data Center;Stream Analysis
            Architecture}, 
    doi={10.1109/CEC.2009.74}, 
    ISSN={2378-1963}, 
    month={July},
}

@inproceedings{hunt2010zookeeper,
 title={ZooKeeper: Wait-free Coordination for Internet-scale Systems.},
 author={Hunt, Patrick and Konar, Mahadev and Junqueira, Flavio Paiva and Reed, Benjamin},
 booktitle={USENIX Annual Technical Conference},
 volume={8},
 pages={9},
 year={2010}
}

@article{borthakur2008hdfs,
    title={HDFS architecture guide},
    author={Borthakur, Dhruba},
    journal={{Hadoop Project}},
    year={2008}
}

@webpage{graphql,
    Title={{GraphQL}},
    Author={{Facebook, Inc.}},
    Lastchecked = {2016-04-01},
    Url = {graphql.org},
    Year = {2015}
}

@article{bloom1970space,
    title={Space/time trade-offs in hash coding with allowable errors},
    author={Bloom, Burton H},
    journal={Communications of the ACM},
    volume={13(7)},
    pages={422--426},
    year={1970},
    publisher={ACM}
}

@inproceedings{flajolet2007hyperloglog,
    author={Flajolet, Philippe and Fusy, {\'E}ric and Gandouet, Olivier and
        Meunier, Fr{\'e}d{\'e}ric},
    title = {{HyperLogLog}: The analysis of a near-optimal cardinality
        estimation algorithm},
    booktitle = {{AOFA '07}: Proc. of the 2007 International Conference on
        the Analysis of Algorithms.},
}

@article{cormode2005improved,
    author = {Cormode, Graham and Muthukrishnan, S.},
    title = {An Improved Data Stream Summary: The Count-min Sketch and Its
        Applications},
    journal = {J. Algorithms},
    issue_date = {April 2005},
    volume = {55},
    number = {1},
    month = apr,
    year = {2005},
    issn = {0196-6774},
    pages = {58--75},
    numpages = {18},
    url = {http://dx.doi.org/10.1016/j.jalgor.2003.12.001},
    doi = {10.1016/j.jalgor.2003.12.001},
    acmid = {1073718},
    publisher = {Academic Press, Inc.},
    address = {Duluth, MN, USA},
} 

@inproceedings{harinarayan1996implementing,
    author = {Harinarayan, Venky and Rajaraman, Anand and Ullman, Jeffrey D.},
    title = {Implementing Data Cubes Efficiently},
    booktitle = {Proc. of the 1996 ACM SIGMOD International Conference on Management of Data},
    year = {1996},
    isbn = {0-89791-794-4},
    location = {Montreal, Quebec, Canada},
    pages = {205--216},
    numpages = {12},
    address = {New York, NY, USA},
} 

@inproceedings{mumick1997maintenance,
    author = {Mumick, Inderpal Singh and Quass, Dallan and Mumick, Barinderpal Singh},
    title = {Maintenance of Data Cubes and Summary Tables in a Warehouse},
    booktitle = {Proc. of the 1997 ACM SIGMOD International Conference on Management of Data},
    isbn = {0-89791-911-4},
    location = {Tucson, Arizona, USA},
    pages = {100--111},
    numpages = {12},
    address = {NY, USA},
} 

@inproceedings{ho1997range,
    author = {Ho, Ching-Tien and Agrawal, Rakesh and Megiddo, Nimrod and Srikant, Ramakrishnan},
    title = {Range Queries in OLAP Data Cubes},
    booktitle = {Proc. of the 1997 ACM SIGMOD International Conference on Management of Data},
    isbn = {0-89791-911-4},
    location = {Tucson, Arizona, USA},
    pages = {73--88},
    numpages = {16},
    acmid = {253274},
    address = {New York, NY, USA},
} 

@article{xiesimba,
  title={Simba: Efficient In-Memory Spatial Analytics},
  author={Xie, Dong and Li, Feifei and Yao, Bin and Li, Gefei and Zhou, Liang and Guo, Minyi}
}

@inproceedings{armbrust2015spark,
  title={Spark sql: Relational data processing in spark},
  author={Armbrust, Michael and Xin, Reynold S and Lian, Cheng and Huai, Yin and Liu, Davies and Bradley, Joseph K and Meng, Xiangrui and Kaftan, Tomer and Franklin, Michael J and Ghodsi, Ali and others},
  booktitle={Proc. of the 2015 ACM SIGMOD International Conference on Management of Data},
  pages={1383--1394},
  year={2015},
  organization={ACM}
}

@article{zaharia2010spark,
  title={Spark: cluster computing with working sets.},
  author={Zaharia, Matei and Chowdhury, Mosharaf and Franklin, Michael J and Shenker, Scott and Stoica, Ion},
  journal={HotCloud},
  volume={10},
  pages={10--10},
  year={2010}
}

@inproceedings{abadi2016tensorflow,
 author = {Abadi, Mart\'{\i}n},
 title = {TensorFlow: Learning Functions at Scale},
 booktitle = {Proc. of the 21st ACM SIGPLAN International Conference on Functional Programming},
 series = {ICFP 2016},
 year = {2016},
 isbn = {978-1-4503-4219-3},
 location = {Nara, Japan},
 pages = {1--1},
 numpages = {1},
 address = {New York, NY, USA},
 keywords = {Machine learning, distributed programming},
} 

@misc{tensorflow,
title = {TensorFlow: Large-Scale Machine Learning on Heterogeneous Distributed Systems},
author  = {MartÃ­n Abadi and Ashish Agarwal and Paul Barham and Eugene Brevdo and Zhifeng Chen and Craig Citro and Greg Corrado and Andy Davis and Jeffrey Dean and Matthieu Devin and Sanjay Ghemawat and Ian Goodfellow and Andrew Harp and Geoffrey Irving and Michael Isard and Yangqing Jia and Rafal Jozefowicz and Lukasz Kaiser and Manjunath Kudlur and Josh Levenberg and Dan ManÃ© and Rajat Monga and Sherry Moore and Derek Murray and Chris Olah and Mike Schuster and Jonathon Shlens and Benoit Steiner and Ilya Sutskever and Kunal Talwar and Paul Tucker and Vincent Vanhoucke and Vijay Vasudevan and Fernanda ViÃ©gas and Oriol Vinyals and Pete Warden and Martin Wattenberg and Martin Wicke and Yuan Yu and Xiaoqiang Zheng},
year  = 2015,
URL = {http://download.tensorflow.org/paper/whitepaper2015.pdf}
}

@INPROCEEDINGS{shvachko2010hadoop, 
author={K. Shvachko and H. Kuang and S. Radia and R. Chansler}, 
booktitle={2010 IEEE 26th Symposium on Mass Storage Systems and Technologies (MSST)}, 
title={The Hadoop Distributed File System}, 
year={2010}, 
pages={1-10}, 
keywords={Internet;distributed databases;network operating systems;Hadoop distributed file system;Yahoo!;data storage;data stream;enterprise data;Bandwidth;Clustering algorithms;Computer architecture;Concurrent computing;Distributed computing;Facebook;File servers;File systems;Protection;Protocols;HDFS;Hadoop;distributed file system}, 
doi={10.1109/MSST.2010.5496972}, 
ISSN={2160-195X}, 
month={May},}

@article{hadoop,
  title={Hadoop},
  author={{ASF}},
  journal={http://hadoop.apache.org},
  year={2016}
}

@misc{langford2007vowpal,
    title={Vowpal wabbit online learning project},
    author={Langford, John and Li, Lihong and Strehl, Alex},
    year={2007},
    publisher={Technical report, http://hunch.net}
}

@article{knuth1968art,
    title={The Art of Computer Programming: Fundamental Algorithms (volume 1)},
    author={Donald E. Knuth},
    journal={Addison-Wesley},
    year={1968}
}

@inproceedings{malensek2013autonomously,
    author = {Malensek, Matthew and Pallickara, Sangmi and Pallickara,
        Shrideep},
    title = {Autonomously Improving Query Evaluations over
        Multidimensional
            Data in Distributed Hash Tables},
    booktitle = {Proc. of the 2013 ACM Cloud and Autonomic
        Computing
            Conference (CAC)},
    year = {2013},
    location = {Miami, Florida, USA},
    pages = {15:1--15:10},
    articleno = {15},
    numpages = {10},
    doi = {10.1145/2494621.2494638},
    acmid = {2494638},
    month={Sep},
}

@INPROCEEDINGS{tao2004spatio, 
author={Yufei Tao and G. Kollios and J. Considine and F. Li and Dimitris Papadias}, 
booktitle={Proceedings. 20th International Conference on Data Engineering}, 
title={Spatio-temporal aggregation using sketches}, 
year={2004}, 
pages={214-225}, 
keywords={data mining;database indexing;query processing;temporal databases;tree data structures;visual databases;approximate query processing;information retrieval;moving objects;query interval;query region;space requirements;spatio-temporal aggregation;spatio-temporal application;spatio-temporal association rules;spatio-temporal data;spatio-temporal indexes;timestamps;Aggregates;Application software;Association rules;Computer science;Data mining;Information retrieval;Mobile computing;Query processing;Road transportation;Spatiotemporal phenomena}, 
doi={10.1109/ICDE.2004.1319998}, 
ISSN={1063-6382}, 
month={March},}
