@inproceedings{buddhika2016neptune,
    author = {Buddhika, Thilina and Pallickara, Shrideep},
    title = {Neptune: Real Time Stream Processing for Internet of Things and Sensing Environments}
    booktitle = {Proceedings of the 30th IEEE International Parallel and
        Distributed Processing Symposium (To appear)},
    year = {2016},
    numpages = {10},
}

